 @misc{BBC_2021, 
 title={Rebels Kill 10 Villagers in Eastern DR Congo}, 
 author = {BBC},
 url= {\url{https://infoweb-newsbank-com.ezproxy.uky.edu/apps/news/document-view?p=AWNB&amp;t=&amp;sort=YMD_date%3AD&amp;maxresults=20&amp;f=advanced&amp;val-base-0=Rebels%20kill%2010%20villagers%20in%20eastern%20DR%20congo&amp;fld-base-0=Title&amp;docref=news/180B36CB71390F18}}, 
 journal={BBC Monitoring International Reports}, 
 year={2021}, 
 month={Feb}
 }

 @misc{patinkin_2016, 
 title={UN Peacekeepers Did Nothing as Women Brutally Raped in South Sudan}, 
 url={\url{https://infoweb.newsbank.com/apps/news/document-view?p=AWNB&amp;docref=news%2F15E68D64A25A01A0}}, 
 journal={The Toronto Star}, 
 publisher={The Associated Press}, 
 author={Patinkin, Jason}, 
 year={2016}, 
 month={Jul}
 } 

@article{furnari2015relationships,
  title={Relationships Are Critical for Peacekeeping},
  author={Furnari, Ellen},
  journal={Peace Review},
  volume={27},
  number={1},
  pages={25--30},
  year={2015},
  publisher={Taylor \& Francis}
}

@article{carlin2013politics,
  title={The Politics of Interpersonal Trust and Reciprocity: An Experimental Approach},
  author={Carlin, Ryan E and Love, Gregory J},
  journal={Political Behavior},
  volume={35},
  number={1},
  pages={43--63},
  year={2013},
  publisher={Springer}
}

@article{burk1999public,
  title={Public Support for Peacekeeping in Lebanon and Somalia: Assessing the Casualties Hypothesis},
  author={Burk, James},
  journal={Political Science Quarterly},
  volume={114},
  number={1},
  pages={53--78},
  year={1999},
  publisher={JSTOR}
}

@article{eichenberg2005victory,
  title={Victory Has Many Friends: US Public Opinion and the Use of Military Force, 1981--2005},
  author={Eichenberg, Richard C},
  journal={International Security},
  volume={30},
  number={1},
  pages={140--177},
  year={2005},
  publisher={MIT Press One Rogers Street, Cambridge, MA 02142-1209, USA journals-info~…}
}

@article{brownlee2020cognitive,
  title={Cognitive Shortcuts and Public Support for Intervention},
  author={Brownlee, Jason},
  journal={Journal of Conflict Resolution},
  volume={64},
  number={2-3},
  pages={261--289},
  year={2020},
  publisher={Sage Publications Sage CA: Los Angeles, CA}
}

@article{haesebrouck2019follows,
  title={Who Follows Whom? A Coincidence Analysis of Military Action, Public Opinion and Threats},
  author={Haesebrouck, Tim},
  journal={Journal of Peace Research},
  volume={56},
  number={6},
  pages={753--766},
  year={2019},
  publisher={SAGE Publications Sage UK: London, England}
}

@article{millard1993international,
  title={International Public Opinion of the United Nations: A Comparative Analysis},
  author={Millard, William J},
  journal={International Journal of Public Opinion Research},
  volume={5},
  number={1},
  pages={92--99},
  year={1993},
  publisher={Citeseer}
}

@article{voeten2005political,
  title={The Political Origins of the UN Security Council's Ability to Legitimize the Use of Force},
  author={Voeten, Erik},
  journal={International Organization},
  volume={59},
  number={3},
  pages={527--557},
  year={2005},
  publisher={Cambridge University Press}
}

@article{appel2018intergovernmental,
  title={Intergovernmental Organizations and Democratic Victory in International Crises},
  author={Appel, Benjamin J},
  journal={The Journal of Politics},
  volume={80},
  number={1},
  pages={274--287},
  year={2018},
  publisher={University of Chicago Press Chicago, IL}
}

@article{blair2019establishing,
  title={Establishing the Rule of Law in Weak and War-Torn States: Evidence from a Field Experiment with the Liberian National Police},
  author={Blair, Robert A and Karim, Sabrina M and Morse, Benjamin S},
  journal={American Political Science Review},
  volume={113},
  number={3},
  pages={641--657},
  year={2019},
  publisher={Cambridge University Press}
}

@article{glendon2004rule,
  title={The Rule of Law in the Universal Declaration of Human Rights},
  author={Glendon, Mary Ann},
  journal={Northwestern University Journal of International Human Rights},
  volume={2},
  pages={1},
  year={2004},
  publisher={HeinOnline}
}

@article{ecker2016citizens,
  title={Why Do Citizens Want the UN to Decide? Cosmopolitan Ideas, Particularism and Global Authority},
  author={Ecker-Ehrhardt, Matthias},
  journal={International Political Science Review},
  volume={37},
  number={1},
  pages={99--114},
  year={2016},
  publisher={Sage Publications Sage UK: London, England}
}

@article{howland2006peacekeeping,
  title={Peacekeeping and Conformity with Human Rights Law: How MINUSTAH Falls Short in Haiti},
  author={Howland, Todd},
  journal={International Peacekeeping},
  volume={13},
  number={4},
  pages={462--476},
  year={2006},
  publisher={Taylor \& Francis}
}

@article{goldsmith2012trust,
  title={Trust, Trustworthiness and Trust-Building in International Policing Missions},
  author={Goldsmith, Andrew and Harris, Vandra},
  journal={Australian \& New Zealand Journal of Criminology},
  volume={45},
  number={2},
  pages={231--254},
  year={2012},
  publisher={SAGE Publications Sage UK: London, England}
}

@article{johansson2019peacekeeping,
  title={UN Peacekeeping and Protection from Sexual Violence},
  author={Johansson, Karin and Hultman, Lisa},
  journal={Journal of Conflict Resolution},
  volume={63},
  number={7},
  pages={1656--1681},
  year={2019},
  publisher={SAGE Publications Sage CA: Los Angeles, CA}
}

@article{hultman2013united,
  title={United Nations Peacekeeping and Civilian Protection in Civil War},
  author={Hultman, Lisa and Kathman, Jacob and Shannon, Megan},
  journal={American Journal of Political Science},
  volume={57},
  number={4},
  pages={875--891},
  year={2013},
  publisher={Wiley Online Library}
}

@article{blair2021peacekeeping,
  title={When Do UN Peacekeeping Operations Implement their Mandates?},
  author={Blair, Robert A and Di Salvatore, Jessica and Smidt, Hannah M},
  journal={American Journal of Political Science},
  year={2021},
  publisher={Wiley Online Library}
}

@article{hultman2014beyond,
  title={Beyond Keeping Peace: United Nations Effectiveness in the Midst of Fighting},
  author={Hultman, Lisa and Kathman, Jacob and Shannon, Megan},
  journal={American Political Science Review},
  volume={108},
  number={4},
  pages={737--753},
  year={2014},
  publisher={Cambridge University Press}
}

@article{horne2020relationship,
  title={The Relationship Between Contributors’ Domestic Abuses and Peacekeeper Misconduct in United Nations Peacekeeping Operations},
  author={Horne, Cale and Robinson, Kellan and Lloyd, Megan},
  journal={International Studies Quarterly},
  volume={64},
  number={1},
  pages={235--247},
  year={2020},
  publisher={Oxford University Press}
}

@article{horne2019impact,
  title={The Impact of UN Peacekeeping Operations on Human Trafficking},
  author={Horne, Cale and Barney, Morgan},
  journal={International Migration},
  volume={57},
  number={5},
  pages={3--20},
  year={2019},
  publisher={Wiley Online Library}
}

@article{paddon2019putting,
  title={Putting Human Rights Up Front: Implications for Impartiality and the Politics of UN Peacekeeping},
  author={Paddon Rhoads, Emily},
  journal={International Peacekeeping},
  volume={26},
  number={3},
  pages={281--301},
  year={2019},
  publisher={Taylor \& Francis}
}

@article{mary2013peacekeepers,
  title={Peacekeepers and the People: Domestic Evaluations of Peacekeeping Operations in Haiti},
  author={Mary Fran T. Malone and Roslyn K. Chavda},
  journal={Journal of International Peacekeeping},
  volume={17},
  number={3-4},
  pages={385--413},
  year={2013},
  publisher={Brill| Nijhoff Leiden}
}

@article{bell2018peacekeeping,
  title={UN Peacekeeping Forces and the Demand for Sex Trafficking},
  author={Bell, Sam R and Flynn, Michael E and Martinez Machain, Carla},
  journal={International Studies Quarterly},
  volume={62},
  number={3},
  pages={643--655},
  year={2018},
  publisher={Oxford University Press}
}

@article{beber2017peacekeeping,
  title={Peacekeeping, Compliance with International Norms, and Transactional Sex in Monrovia, Liberia},
  author={Beber, Bernd and Gilligan, Michael J and Guardado, Jenny and Karim, Sabrina},
  journal={International Organization},
  volume={71},
  number={1},
  pages={1--30},
  year={2017},
  publisher={Cambridge University Press}
}

@article{schwartz1987toward,
  title={Toward a Universal Psychological Structure of Human Values.},
  author={Schwartz, Shalom H and Bilsky, Wolfgang},
  journal={Journal of Personality and Social Psychology},
  volume={53},
  number={3},
  pages={550},
  year={1987},
  publisher={American Psychological Association}
}

@article{graham2009liberals,
  title={Liberals and Conservatives Rely on Different Sets of Moral Foundations.},
  author={Graham, Jesse and Haidt, Jonathan and Nosek, Brian A},
  journal={Journal of Personality and Social Psychology},
  volume={96},
  number={5},
  pages={1029},
  year={2009},
  publisher={American Psychological Association}
}

@article{beitz2001human,
  title={Human Rights as a Common Concern},
  author={Beitz, Charles R},
  journal={American Political Science Review},
  volume={95},
  number={2},
  pages={269--282},
  year={2001},
  publisher={Cambridge University Press}
}

@book{hopgood2013,
  title={The Endtimes of Human Rights},
  author={Stephen Hopgood},
  year={2013},
  publisher={Cornell University Press}
}

@article{ignatieff2000human,
  title={I. Human Rights as Politics II. Human Rights as Idolatry},
  author={Ignatieff, Michael},
  journal={The Tanner Lectures on Human Values, Delivered at Princeton University(April)},
  year={2000}
}

@article{cole2016human,
  title={Human Rights and the Individual: Cross-Cultural Variation in Human Rights Scores, 1980 to 2010},
  author={Cole, Wade M},
  journal={Social Forces},
  volume={95},
  number={2},
  pages={721--752},
  year={2016},
  publisher={Oxford University Press}
}

@article{richards2015respect,
  title={Respect for Physical-Integrity Rights in the Twenty-First Century: Evaluating Poe and Tate's Model 20 Years Later},
  author={Richards, David L and Webb, Alyssa and Clay, K Chad},
  journal={Journal of Human Rights},
  volume={14},
  number={3},
  pages={291--311},
  year={2015},
  publisher={Taylor \& Francis}
}

@article{mcfarland2010personality,
  title={Personality and Support for Universal Human Rights: A Review and Test of a Structural Model},
  author={McFarland, Sam},
  journal={Journal of Personality},
  volume={78},
  number={6},
  pages={1735--1764},
  year={2010},
  publisher={Wiley Online Library}
}

@article{conover1988role,
  title={The Role of Social Groups in Political Thinking},
  author={Conover, Pamela Johnston},
  journal={British Journal of Political Science},
  volume={18},
  number={1},
  pages={51--76},
  year={1988},
  publisher={Cambridge University Press}
}

@article{baldwin1992relational,
  title={Relational Schemas and the Processing of Social Information.},
  author={Baldwin, Mark W},
  journal={Psychological Bulletin},
  volume={112},
  number={3},
  pages={461},
  year={1992},
  publisher={American Psychological Association}
}

@article{cantor1982prototype,
  title={A Prototype Analysis of Psychological Situations},
  author={Cantor, Nancy and Mischel, Walter and Schwartz, Judith C},
  journal={Cognitive Psychology},
  volume={14},
  number={1},
  pages={45--77},
  year={1982},
  publisher={Elsevier}
}

@article{verplanken2002motivated,
  title={Motivated Decision Making: Effects of Activation and Self-Centrality of Values on Choices and Behavior.},
  author={Verplanken, Bas and Holland, Rob W},
  journal={Journal of Personality and Social Psychology},
  volume={82},
  number={3},
  pages={434},
  year={2002},
  publisher={American Psychological Association}
}

@book{jardina2019white,
  title={White Identity Politics},
  author={Jardina, Ashley},
  year={2019},
  publisher={Cambridge University Press}
}

@book{krasno2004united,
  title={The United Nations: Confronting the Challenges of a Global Society},
  author={Krasno, Jean E.},
  year={2004},
  publisher={Lynne Rienner Publishers}
}

@book{hafner2013making,
  title={Making Human Rights a Reality},
  author={Hafner-Burton, Emilie M},
  year={2013},
  publisher={Princeton University Press}
}

@article{doyle2000international,
  title={International Peacebuilding: A Theoretical and Quantitative Analysis},
  author={Doyle, Michael W and Sambanis, Nicholas},
  journal={American Political Science Review},
  volume={94},
  number={4},
  pages={779--801},
  year={2000},
  publisher={Cambridge University Press}
}

@article{kirschner2019does,
  title={Does Peacekeeping Really Bring Peace? Peacekeepers and Combatant-Perpetrated Sexual Violence in Civil Wars},
  author={Kirschner, Shanna and Miller, Adam},
  journal={Journal of Conflict Resolution},
  volume={63},
  number={9},
  pages={2043--2070},
  year={2019},
  publisher={Sage Publications Sage CA: Los Angeles, CA}
}

@article{kathman2019cut,
  title={Cut Short? United Nations Peacekeeping and Civil War Duration to Negotiated Settlements},
  author={Kathman, Jacob and Benson, Michelle},
  journal={Journal of Conflict Resolution},
  volume={63},
  number={7},
  pages={1601--1629},
  year={2019},
  publisher={SAGE Publications Sage CA: Los Angeles, CA}
}

@article{ruggeri2017winning,
  title={Winning the Peace Locally: UN Peacekeeping and Local Conflict},
  author={Ruggeri, Andrea and Dorussen, Han and Gizelis, Theodora-Ismene},
  journal={International Organization},
  volume={71},
  number={1},
  pages={163--185},
  year={2017},
  publisher={Cambridge University Press}
}

@article{karim2016explaining,
  title={Explaining Sexual Exploitation and Abuse in Peacekeeping Missions: The Role of Female Peacekeepers and Gender Equality in Contributing Countries},
  author={Karim, Sabrina and Beardsley, Kyle},
  journal={Journal of Peace Research},
  volume={53},
  number={1},
  pages={100--115},
  year={2016},
  publisher={SAGE Publications Sage UK: London, England}
}

@article{levin2016selectorate,
  title={Selectorate Theory and the Democratic Peacekeeping Hypothesis: Evidence from Fiji and Bangladesh},
  author={Levin, Jamie and MacKay, Joseph and Nasirzadeh, Abouzar},
  journal={International Peacekeeping},
  volume={23},
  number={1},
  pages={107--132},
  year={2016},
  publisher={Taylor \& Francis}
}

@article{kirby2008peacekeepers,
  title={Peacekeepers, the Military and Human Trafficking: Protecting Whom},
  author={Kirby, Kristi M and d'Estree, Claude},
  journal={University of Saint Thomas Law Journal},
  volume={6},
  pages={221},
  year={2008},
  publisher={HeinOnline}
}

 @misc{dodds_2017, 
 title={UN Child Sex Ring Left Victims but No Arrests}, 
 url={\url{https://apnews.com/article/africa-arrests-united-nations-only-on-ap-e6ebc331460345c5abd4f57d77f535c1}}, 
 journal={AP NEWS}, 
 publisher={The Associated Press}, 
 author={Dodds, Paisley}, 
 year={2017}, 
 month={Apr}
 } 

 @book{anderson2006imagined,
  title={Imagined Communities: Reflections on the Origin and Spread of Nationalism},
  author={Anderson, Benedict},
  year={2006},
  publisher={Verso Books}
}

@article{koch1994group,
  title={Group Identification in Political Context},
  author={Koch, Jeffrey W},
  journal={Political Psychology},
  pages={687--698},
  year={1994},
  publisher={JSTOR}
}

@article{conover1984influence,
  title={The Influence of Group Identifications on Political Perception and Evaluation},
  author={Conover, Pamela Johnston},
  journal={The Journal of Politics},
  volume={46},
  number={3},
  pages={760--785},
  year={1984},
  publisher={Southern Political Science Association}
}

@article{newby2018power,
  title={Power, Politics and Perception: The Impact of Foreign Policy on Civilian--Peacekeeper Relations},
  author={Newby, Vanessa F},
  journal={Third World Quarterly},
  volume={39},
  number={4},
  pages={661--676},
  year={2018},
  publisher={Taylor \& Francis}
}

@book{whalan2013peace,
  title={How Peace Operations Work: Power, Legitimacy, and Effectiveness},
  author={Whalan, Jeni},
  year={2013},
  publisher={Oxford University Press}
}

@article{simmons2006intuitive,
  title={Intuitive Confidence: Choosing between Intuitive and Nonintuitive Alternatives.},
  author={Simmons, Joseph P and Nelson, Leif D},
  journal={Journal of Experimental Psychology: General},
  volume={135},
  number={3},
  pages={409},
  year={2006},
  publisher={American Psychological Association}
}

@article{mondak2017vicarious,
  title={The Vicarious Bases of Perceived Injustice},
  author={Mondak, Jeffery J and Hurwitz, Jon and Peffley, Mark and Testa, Paul},
  journal={American Journal of Political Science},
  volume={61},
  number={4},
  pages={804--819},
  year={2017},
  publisher={Wiley Online Library}
}

@article{hasselbladh2020military,
  title={Why Military Organizations Are Cautious about Learning?},
  author={Hasselbladh, Hans and Yden, Karl},
  journal={Armed Forces \& Society},
  volume={46},
  number={3},
  pages={475--494},
  year={2020},
  publisher={Sage Publications Sage CA: Los Angeles, CA}
}

@techreport{morgan_morey,
author  = {Michael A. Morgan and Dnaiel S. Morey},
institution = {Marietta College and the University of Kentucky},
type    = {Working Paper},
title   = {UN Peacekeeping Coalitions and Civilian Protection},
year    = {2021}
}


 @misc{UN_Res, 
 title={GA/L/3320}, 
 url={\url{https://www.un.org/press/en/2007/gal3320.doc.htm}},  
 publisher={United Nations, The}, 
 author={General Assembly, The}, 
 year={2007}
 } 

 @techreport{PKAT,
author = {Cale Horne and Kellan Robinson and Megan Lloyd},
year = 2017,
title = {The Peacekeeper Attribute Project (PKAT) Dataset, 2007-2016},
note = {Unpublished}}
}

@article{inglehart2014world,
  title={World Values Survey: All Rounds--Country-Pooled Datafile 1981-2014. Madrid: JD Systems Institute, 2014},
  author={Inglehart, Ronald and Haerpfer, Christian and Moreno, Alejandro and Welzel, Christian and Kizilova, Kseniya and D{\'\i}ez-Medrano, Jaime and Lagos, Marta and Norris, Pippa and Ponarin, Eduard and Puranen, Bi and others},
  journal={Mode of access: http://www. worldvaluessurvey. org/WVSDocumentationWVL. jsp.(accessed 27.03. 2019.)},
  year={2014}
}

 @misc{united_nations_2021, 
 title={Where We Operate}, 
 url={\url{https://peacekeeping.un.org/en/where-we-operate}}, 
 journal={United Nations Peacekeeping}, 
 publisher={United Nations}, 
 author={United Nations, The}, 
 year={2022}
 } 

 @article{fjelde2019protection,
  title={Protection through Presence: UN Peacekeeping and the Costs of Targeting Civilians},
  author={Fjelde, Hanne and Hultman, Lisa and Nilsson, Desir{\'e}e},
  journal={International Organization},
  volume={73},
  number={1},
  pages={103--131},
  year={2019},
  publisher={Cambridge University Press}
}

@article{townsen2014peacekeepers,
  title={Where Do Peacekeepers Go When They Go?: Explaining the Spatial Heterogeneity of Peacekeeping Deployments},
  author={Townsen, Ashly Adam and Reeder, Bryce W},
  journal={Journal of International Peacekeeping},
  volume={18},
  number={1-2},
  pages={69--91},
  year={2014},
  publisher={Brill Nijhoff}
}

 @book{studenmund,
  title={Using Econometrics},
  author={A. H. Studenmund},
  year={2006},
  publisher={Addison Wesley}
}

@book{cunningham2021causal,
  title={Causal Inference: The Mixtape},
  author={Cunningham, Scott},
  year={2021},
  publisher={Yale University Press}
}

@article{jackson2020corrected,
  title={Corrected Standard Errors with Clustered Data},
  author={Jackson, John E},
  journal={Political Analysis},
  volume={28},
  number={3},
  pages={318--339},
  year={2020},
  publisher={Cambridge University Press}
}

 @misc{A4P, 
 title={Action for Peacekeeping (A4P)}, 
 url={\url{https://peacekeeping.un.org/en/action-for-peacekeeping-a4p}}, 
 journal={United Nations Peacekeeping}, 
 publisher={United Nations}, 
 author={United Nations, The}, 
 year={2022}
 } 

 @article{eagly2009his,
  title={The His and Hers of Prosocial Behavior: An Examination of the Social Psychology of Gender},
  author={Eagly, Alice H},
  journal={American Psychologist},
  volume={64},
  number={8},
  pages={644},
  year={2009},
  publisher={American Psychological Association}
}

@article{karim2017,
  title={Reevaluating Peacekeeping Effectiveness: Does Gender Neutrality Inhibit Progress?},
  author={Karim, Sabrina},
  journal={International Interactions},
  volume={43},
  number={5},
  pages={822--847},
  year={2017},
  publisher={Taylor \& Francis}
}

 @misc{QIPs, 
 title={Quick Impact Projects for Communities}, 
 url={https://peacekeeping.un.org/en/quick-impact-projects-communities}, 
 journal={United Nations Peacekeeping}, 
 publisher={United Nations}, 
 author={United Nations, The}, 
 year={2022}
 } 

 @article{hetherington2011authoritarianism,
  title={Authoritarianism, Threat, and Americans’ Support for the War on Terror},
  author={Hetherington, Marc and Suhay, Elizabeth},
  journal={American Journal of Political Science},
  volume={55},
  number={3},
  pages={546--560},
  year={2011},
  publisher={Wiley Online Library}
}

@article{beber2019promise,
  title={The Promise and Peril of Peacekeeping Economies},
  author={Beber, Bernd and Gilligan, Michael J and Guardado, Jenny and Karim, Sabrina},
  journal={International Studies Quarterly},
  volume={63},
  number={2},
  pages={364--379},
  year={2019},
  publisher={Oxford University Press}
}

@article{simic2014peacekeeper,
  title={‘Peacekeeper Babies’: An Unintended Legacy of United Nations Peace Support Operations},
  author={Simi{\'c}, Olivera and O'Brien, Melanie},
  journal={International Peacekeeping},
  volume={21},
  number={3},
  pages={345--363},
  year={2014},
  publisher={Taylor \& Francis}
}

@article{conrad2018torture,
  title={Torture and the Limits of Democratic Institutions},
  author={Courtenay R. Conrad and Daniel W. Hill Jr and Will H. Moore},
  journal={Journal of Peace Research},
  volume={55},
  number={1},
  pages={3--17},
  year={2018},
  publisher={SAGE Publications Sage UK: London, England}
}

@article{de2016civil,
  title={Civil War Violence and Political Trust: Microlevel Evidence from Nepal},
  author={De Juan, Alexander and Pierskalla, Jan Henryk},
  journal={Conflict Management and Peace Science},
  volume={33},
  number={1},
  pages={67--88},
  year={2016},
  publisher={SAGE Publications Sage UK: London, England}
}

@article{ottmann2017rebel,
  title={Rebel Constituencies and Rebel Violence against Civilians in Civil Conflicts},
  author={Ottmann, Martin},
  journal={Conflict Management and Peace Science},
  volume={34},
  number={1},
  pages={27--51},
  year={2017},
  publisher={SAGE Publications Sage UK: London, England}
}

@article{krcmaric2018varieties,
  title={Varieties of Civil War and Mass Killing: Reassessing the Relationship between Guerrilla Warfare and Civilian Victimization},
  author={Krcmaric, Daniel},
  journal={Journal of Peace Research},
  volume={55},
  number={1},
  pages={18--31},
  year={2018},
  publisher={SAGE Publications Sage UK: London, England}
}

@article{butler2007security,
  title={Security Forces and Sexual Violence: A Cross-National Analysis of a Principal—Agent Argument},
  author={Butler, Christopher K and Gluch, Tali and Mitchell, Neil J},
  journal={Journal of Peace Research},
  volume={44},
  number={6},
  pages={669--687},
  year={2007},
  publisher={Sage Publications Sage UK: London, England}
}

@article{akcinaroglu2013private,
  title={Private Military Companies, Opportunities, and Termination of Civil Wars in Africa},
  author={Akcinaroglu, Seden and Radziszewski, Elizabeth},
  journal={Journal of Conflict Resolution},
  volume={57},
  number={5},
  pages={795--821},
  year={2013},
  publisher={SAGE Publications Sage CA: Los Angeles, CA}
}

@article{butler2007security,
  title={Security Forces and Sexual Violence: A Cross-National Analysis of a Principal—Agent Argument},
  author={Butler, Christopher K and Gluch, Tali and Mitchell, Neil J},
  journal={Journal of Peace Research},
  volume={44},
  number={6},
  pages={669--687},
  year={2007},
  publisher={Sage Publications Sage UK: London, England}
}

@article{kanetake2010whose,
  title={Whose Zero Tolerance Counts? Reassessing a Zero Tolerance Policy against Sexual Exploitation and Abuse by UN Peacekeepers},
  author={Kanetake, Machiko},
  journal={International Peacekeeping},
  volume={17},
  number={2},
  pages={200--214},
  year={2010},
  publisher={Taylor \& Francis}
}

@article{leck2009international,
  title={International Responsibility in United Nations Peacekeeping Operations: Command and Control Arrangements and the Attribution of Conduct},
  author={Leck, Christopher},
  journal={Melbourne Journal of International Law},
  volume={10},
  number={1},
  pages={346--364},
  year={2009}
}

@article{zilis2018minority,
  title={Minority Groups and Judicial Legitimacy: Group Affect and the Incentives for Judicial Responsiveness},
  author={Zilis, Michael A},
  journal={Political Research Quarterly},
  volume={71},
  number={2},
  pages={270--283},
  year={2018},
  publisher={SAGE Publications Sage CA: Los Angeles, CA}
}

@article{jetschke2020milinda,
  title={MILINDA: A New Dataset on United Nations-Led and Non-United Nations-Led Peace Operations},
  author={Jetschke, Anja and Schlipphak, Bernd},
  journal={Conflict Management and Peace Science},
  volume={37},
  number={5},
  pages={605--629},
  year={2020},
  publisher={SAGE Publications Sage UK: London, England}
}

@article{fortna2004interstate,
  title={Interstate peacekeeping: Causal mechanisms and empirical effects},
  author={Fortna, Virginia Page},
  journal={World Politics},
  volume={56},
  number={4},
  pages={481--519},
  year={2004},
  publisher={Cambridge University Press}
}

@article{niven2000other,
  title={The Other Side of Optimism: High Expectations and the rRejection of Status Quo Politics},
  author={Niven, David},
  journal={Political Behavior},
  volume={22},
  number={1},
  pages={71--88},
  year={2000},
  publisher={Springer}
}

@article{johnston2015emotion,
  title={Emotion and Political Judgment: Expectancy Violation and Affective Intelligence},
  author={Johnston, Christopher D and Lavine, Howard and Woodson, Benjamin},
  journal={Political Research Quarterly},
  volume={68},
  number={3},
  pages={474--492},
  year={2015},
  publisher={SAGE Publications Sage CA: Los Angeles, CA}
}

@article{MOU,
  url = {http://digitallibrary.un.org/record/585335},
  title = {Revised draft model memorandum of understanding between the United Nations and [participating State] contributing resources to [the United Nations Peacekeeping Operation]},
  publisher = {UN,},
  recid = {585335},
  pages = {18 p.},
  address = {[New York] :. 2006-10-03},
  year = {2006},
  month = {Oct},
  author = {A/61/494}
}

@article{gordon2017cooperation,
  title={Cooperation, information, and keeping the peace: Civilian engagement with peacekeepers in Haiti},
  author={Gordon, Grant M and Young, Lauren E},
  journal={Journal of Peace Research},
  volume={54},
  number={1},
  pages={64--79},
  year={2017},
  publisher={SAGE Publications Sage UK: London, England}
}

@misc{UN_SC,
  author        = "{United Nations Peacekeeping}",
  title         = "The Role of the Security Council",
  month         = "", 
  year          = "2021",
  url           = {\url{https://peacekeeping.un.org/en/role-of-security-council}}
}

@book{keck1998activists,
  title={Activists beyond borders: Advocacy networks in international politics},
  author={Keck, Margaret E and Sikkink, Kathryn},
  year={1998},
  publisher={Cornell University Press}
}

@article{goldsmith2021does,
  title={Does public diplomacy sway foreign public opinion? Identifying the effect of high-level visits},
  author={Goldsmith, Benjamin E and Horiuchi, Yusaku and Matush, Kelly},
  journal={American Political Science Review},
  volume={115},
  number={4},
  pages={1342--1357},
  year={2021},
  publisher={Cambridge University Press}
}

@article{nomikos2022peacekeeping,
  title={Peacekeeping and the enforcement of intergroup cooperation: Evidence from Mali},
  author={Nomikos, William G},
  journal={The Journal of Politics},
  volume={84},
  number={1},
  pages={194--208},
  year={2022},
  publisher={The University of Chicago Press Chicago, IL}
}